@online{armstat2015,
  author = "Statistical Committee of the Republic of Armenia",
  title = "Annual Statistical Report 2015",
  year = "2015",
  url = "https://www.armstat.am/file/article/bnakch_01.07.2015.pdf",
  note = "[Online; accessed 26-April-2024]"
}

@misc{alibaba_arxiv,
  title = "From Known to Unknown: Knowledge-guided Transformer for Time-Series Sales Forecasting in Alibaba",
  author = "Xinyuan Qi, Kai Hou",
  year = "2021",
  howpublished = "\url{https://arxiv.org/pdf/2109.08381}"
}

@misc{lag_llama_arxiv,
  title = "Lag-Llama: Towards Foundation Models for Probabilistic Time Series Forecasting",
  author = "Kashif Rasul, Arjun Ashok ",
  year = "2024",
  howpublished = "\url{https://arxiv.org/pdf/2310.08278}"
}

@misc{sales_prediction,
  title = "Predicting Future Sales of Retail Products using Machine Learning",
  author = "Devendra Swami, Alay Dilipbhai Shah",
  year = "2020",
  howpublished = "\url{https://arxiv.org/pdf/2008.07779}"
}

@misc{arxiv4,
  title = "Title of the Fourth arXiv Paper",
  author = "First Author1 and Second Author2",
  year = "2023",
  howpublished = "\url{https://arxiv.org/pdf/2310.08278}"
}



%%%%%%%%%% CODE CITATIONS 
@misc{inferrence,
  title = "The result is produced by Capstone/src/inference.py file",
  author = "Naira Maria Barseghyan",
  year = "2024",
  howpublished = "\url{https://github.com/nairabarseghyan/Capstone/}"
}

@misc{inferrence_lag_llama,
  title = "The result is produced by Capstone/src/lag\_llama\_inference.ipynb file",
  author = "Naira Maria Barseghyan",
  year = "2024",
howpublished="\url{https://github.com/nairabarseghyan/Capstone/}"
}

@misc{anova,
  title = "The result is produced by Capstone/notebooks/RMD/Visualizations.Rmd file Chunk Named Anova-Test",
  author = "Naira Maria Barseghyan",
  year = "2024",
  howpublished = "\url{https://github.com/nairabarseghyan/Capstone/blob/main/notebooks/RMD/Visualizations.Rmd}"
}

@misc{correlation,
  title = "The result is produced by Capstone/notebooks/RMD/Visualizations.Rmd file Chunk Named Correlation-Plot and previous chunk",
  author = "Naira Maria Barseghyan",
  year = "2024",
  howpublished = "\url{https://github.com/nairabarseghyan/Capstone/blob/main/notebooks/RMD/Visualizations.Rmd}"
}



@misc{heatmap,
  title = "The result is produced by Capstone/notebooks/RMD/Visualizations.Rmd file Chunk Named Heatmap-Sales-Year-Month and previous chunk",
  author = "Naira Maria Barseghyan",
  year = "2024",
  howpublished = "\url{https://github.com/nairabarseghyan/Capstone/blob/main/notebooks/RMD/Visualizations.Rmd}"
}


@misc{area,
  title = "The result is produced by Capstone/notebooks/RMD/Visualizations.Rmd file Chunk Named Area-Chart-Graph and previous chunk",
  author = "Naira Maria Barseghyan",
  year = "2024",
  howpublished = "\url{https://github.com/nairabarseghyan/Capstone/blob/main/notebooks/RMD/Visualizations.Rmd}"
}


@misc{TSF,
  title = "The result is produced by Capstone/notebooks/RMD/Visualizations.Rmd file Chunk Named Time-Series-Graphing and three consecutive chunks Time-Series-2021, Time-Series-2022, Time-Series-2023",
  author = "Naira Maria Barseghyan",
  year = "2024",
  howpublished = "\url{https://github.com/nairabarseghyan/Capstone/blob/main/notebooks/RMD/Visualizations.Rmd}"
}


@misc{weekly,
  title = "The result is produced by Capstone/notebooks/RMD/Visualizations.Rmd file Chunk Named Weekday-Data and previous chunk",
  author = "Naira Maria Barseghyan",
  year = "2024",
  howpublished = "\url{https://github.com/nairabarseghyan/Capstone/blob/main/notebooks/RMD/Visualizations.Rmd}"
}

@misc{mapArmenia,
  title = "The result is produced by Capstone/notebooks/RMD/Visualizations.Rmd file Chunk Named Armenia-Map-Graph and previous chunk",
  author = "Naira Maria Barseghyan",
  year = "2024",
  howpublished = "\url{https://github.com/nairabarseghyan/Capstone/blob/main/notebooks/RMD/Visualizations.Rmd}"
}

@misc{mapYerevan,
  title = "The result is produced by Capstone/notebooks/RMD/Visualizations.Rmd file Chunk Named Yerevan-Map-Graph and previous chunk",
  author = "Naira Maria Barseghyan",
  year = "2024",
  howpublished = "\url{https://github.com/nairabarseghyan/Capstone/blob/main/notebooks/RMD/Visualizations.Rmd}"
}

@misc{treemap,
  title = "The result is produced by Capstone/notebooks/RMD/Visualizations.Rmd file Chunk Named Treemap-whole-print",
  author = "Naira Maria Barseghyan",
  year = "2024",
  howpublished = "\url{https://github.com/nairabarseghyan/Capstone/blob/main/notebooks/RMD/Visualizations.Rmd}"
}

@misc{RevenuDistribution,
  title = "The result is produced by Capstone/notebooks/RMD/Visualizations.Rmd file Chunk Named Sale-By-Branch-Barplot-Graphing and three consecutive chunks Sales-By-Shop-2021, Sales-By-Shop-2022, Sales-By-Shop-2023, Sales-By-Shop-Yerevan",
  author = "Naira Maria Barseghyan",
  year = "2024",
  howpublished = "\url{https://github.com/nairabarseghyan/Capstone/blob/main/notebooks/RMD/Visualizations.Rmd}"
}

@misc{SalesWithoutYerevan,
  title = "The result is produced by Capstone/notebooks/RMD/Visualizations.Rmd file Chunk Named Revenue-City-Without-Yerevan and previous chunk",
  author = "Naira Maria Barseghyan",
  year = "2024",
  howpublished = "\url{https://github.com/nairabarseghyan/Capstone/blob/main/notebooks/RMD/Visualizations.Rmd}"
}

@misc{Categorygraph,
  title = "The result is produced by Capstone/notebooks/RMD/Visualizations.Rmd file Chunk Named Category-Revenue-Quantitiy-Graph and 5 previous chunks",
  author = "Naira Maria Barseghyan",
  year = "2024",
  howpublished = "\url{https://github.com/nairabarseghyan/Capstone/blob/main/notebooks/RMD/Visualizations.Rmd}"
}
@misc{TilesHeating,
  title = "The result is produced by Capstone/notebooks/RMD/Visualizations.Rmd file Chunks Named  Top-Heating-Tiles-Graph and 3 previous chunks",
  author = "Naira Maria Barseghyan",
  year = "2024",
  howpublished = "\url{https://github.com/nairabarseghyan/Capstone/blob/main/notebooks/RMD/Visualizations.Rmd}"
}


@misc{lstmforecast,
  title = "The result is produced by Capstone/notebooks/RMD/Visualizations.Rmd file Chunks Named Load-Prediction-Data, Transform-Date-Col, LSTM-One-Forecast, LSTM-Two-Forecast and LSTM-Predictions",
  author = "Naira Maria Barseghyan",
  year = "2024",
  howpublished = "\url{https://github.com/nairabarseghyan/Capstone/blob/main/notebooks/RMD/Visualizations.Rmd}"
}

@misc{MLforecast,
  title = "The result is produced by Capstone/notebooks/RMD/Visualizations.Rmd file Chunks Named Load-Prediction-Data, Transform-Date-Col, Zero-Shot-Forecast, Fine-Tune-Forecast and Lag-Lama-Prediction",
  author = "Naira Maria Barseghyan",
  year = "2024",
  howpublished = "\url{https://github.com/nairabarseghyan/Capstone/blob/main/notebooks/RMD/Visualizations.Rmd}"
}

@misc{lagllamaforecast,
  title = "The result is produced by Capstone/notebooks/RMD/Visualizations.Rmd file Chunks Named ML-Forecast-Graphing-Function and ML-Forecast-Davit-Anhaght",
  author = "Naira Maria Barseghyan",
  year = "2024",
  howpublished = "\url{https://github.com/nairabarseghyan/Capstone/blob/main/notebooks/RMD/Visualizations.Rmd}"
}